
@misc{Concorde,
    title        = {Concorde TSP solver},
    author       = {William Cook},
    year         = {2020},
    note         = {\url{https://www.math.uwaterloo.ca/tsp/concorde.html}}
}

@misc{TSPLIB,
  title        = {TSPLIB},
  note         = {http://comopt.ifi.uni-heidelberg.de/software/TSPLIB95/}
}